@article{brownlees2017,
    author = 	    "C. T. Brownlees and D. Kristensen",
    title = 		"An Importance Sampling Particle Filtering Algorithm for the Estimation of Dynamic Latent Variable Models",
    journal =      	"Working paper",
    year =         	"2017",
    DOI =          	""
}

@article{doucet2008,
    author = 		"A. Doucet and A. M. Johansen",
    title =        	"A Tutorial on Particle Filtering and Smoothing: Fifteen years later",
    journal =      	"Technical report",
    volume =		"",
    number =  	    "",
    pages =        	"",
    year =         	"2008",
    DOI =          	""
}

@article{gordon1993,
    author = 		"N. Gordon and D. Salmond and A. Smith",
    title =        	"Novel approach to nonlinear/non-Gaussian Bayesian state estimation",
    journal =      	"Radar and Signal Processing, IEE Proceedings F",
    volume =		"140",
    number =  	    "2",
    pages =        	"107--113",
    year =         	"1993",
    DOI =          	""
}  

@article{kalman1960,
    author = 		"R. E. Kalman",
    title =        	"A New Approach to Linear Filtering and Prediction Problems",
    journal =      	"Transactions of the ASMEâ€“Journal of Basic Engineering",
    volume =		"82",
    number =  	    "Series D",
    pages =        	"35--45",
    year =         	"1960",
    DOI =          	""
}  

@article{malik2011,
    author = 		"S. Malik and M. K. Pitt",
    title =        	"Particle filters for continuous likelihood evaluation and maximisation",
    journal =      	"Journal of Econometrics",
    volume =		"165",
    number =  	    "2",
    pages =        	"190--209",
    year =         	"2011",
    DOI =          	"https://doi.org/10.1016/j.jeconom.2011.07.006"
}  
 




 